@article{codemeta,
  title={CodeMeta: an exchange schema for software metadata},
  author={Jones, MB and Boettiger, C and Mayes, A Cabunoc and Smith, A and Slaughter, P and Niemeyer, K and Gil, Y and Fenner, M and Nowak, K and Hahnel, M and others},
  journal={KNB Data Repository},
  doi={10.5063/SCHEMA/CODEMETA-1.0},
  year={2016}
}

@article{codemetar,
   author = {{Boettiger}, C.},
    title = {Generating CodeMeta Metadata for R Packages},
  journal = {The Journal of Open Source Software},
     year = 2017,
    month = nov,
   volume = 2,
      eid = {454},
    pages = {454},
      doi = {10.21105/joss.00454}
}

@article{switchboard,
    author = {Zinn, Claus},
    title = {The CLARIN Language Resource Switchboard.},
    journal = {Proceedings of the CLARIN Annual Conference. CLARIN ERIC},
    year = {2016}
}


